<?xml version="1.0" encoding="UTF-8"?><record xmlns="http://www.loc.gov/MARC21/slim" xmlns:cinclude="http://apache.org/cocoon/include/1.0" xmlns:zs="http://www.loc.gov/zing/srw/">
  <leader>00523cz  a2200121n  4500</leader>
  <controlfield tag="001">n 2007160520</controlfield>
  <controlfield tag="003">DLC</controlfield>
  <controlfield tag="005">20070201072232.0</controlfield>
  <controlfield tag="008">070131n| acannaabn          |n aaa      </controlfield>
  <datafield tag="010" ind1=" " ind2=" ">
    <subfield code="a">n 2007160520</subfield>
  </datafield>
  <datafield tag="040" ind1=" " ind2=" ">
    <subfield code="a">DLC</subfield>
    <subfield code="b">eng</subfield>
    <subfield code="c">DLC</subfield>
  </datafield>
  <datafield tag="100" ind1="1" ind2=" ">
    <subfield code="a">Zembrosky, Max</subfield>
  </datafield>
  <datafield tag="670" ind1=" " ind2=" ">
    <subfield code="a">NUCMC data from Milwaukee Jewish Hist. Soc. for Zembrosky family photographs, 1933-1983</subfield>
    <subfield code="b">(Max Zembrosky; collection contains a photograph (1933) of Max Zembrosky standing in front of the store California Wine Gardens on Vliet St. in Milwaukee; son of Harry Zembrosky)</subfield>
  </datafield>
</record>